@article{lorenz1963deterministic,
    title={Deterministic nonperiodic flow},
    author={Lorenz, Edward N},
    journal={Journal of atmospheric sciences},
    volume={20},
    number={2},
    pages={130--141},
    year={1963}
}

@article{lions2001resolution,
    title={R{\'e}solution d'EDP par un sch{\'e}ma en temps parall{\`e}le},
    author={Lions, Jacques-Louis and Maday, Yvon and Turinici, Gabriel},
    journal={Comptes Rendus de l'Acad{\'e}mie des Sciences-Series I-Mathematics},
    volume={332},
    number={7},
    pages={661--668},
    year={2001}
}

@article{staff2005stability,
    title={Stability of the parareal algorithm},
    author={Staff, Gunnar A and R{\o}nquist, Einar M},
    journal={Domain decomposition methods in science and engineering},
    pages={449--456},
    year={2005}
}

@book{hairer2006geometric,
    title={Geometric numerical integration: structure-preserving algorithms for ordinary differential equations},
    author={Hairer, Ernst and Lubich, Christian and Wanner, Gerhard},
    volume={31},
    year={2006},
    publisher={Springer}
}

@article{gander2007analysis,
    title={Analysis of the parareal time-parallel time-integration method},
    author={Gander, Martin J and Vandewalle, Stefan},
    journal={SIAM Journal on Scientific Computing},
    volume={29},
    number={2},
    pages={556--578},
    year={2007}
}

@article{bal2005analysis,
    title={Analysis of the parareal algorithm applied to hyperbolic problems using characteristics},
    author={Bal, Guillaume},
    journal={Bolet{\'\i}n de la Sociedad Espa{\~n}ola de Matem{\'a}tica Aplicada},
    number={35},
    pages={87--108},
    year={2005}
}

@article{minion2011parareal,
    title={A hybrid parareal spectral deferred corrections method},
    author={Minion, Michael},
    journal={Communications in Applied Mathematics and Computational Science},
    volume={5},
    number={2},
    pages={265--301},
    year={2011}
}

@book{butcher2016numerical,
    title={Numerical methods for ordinary differential equations},
    author={Butcher, John C},
    year={2016},
    publisher={John Wiley \& Sons}
}

@article{gropp1996high,
    title={A high-performance, portable implementation of the MPI message passing interface standard},
    author={Gropp, William and Lusk, Ewing and Doss, Nathan and Skjellum, Anthony},
    journal={Parallel computing},
    volume={22},
    number={6},
    pages={789--828},
    year={1996}
}

@article{farhat2006time,
    title={Time-decomposed parallel time-integrators: theory and feasibility studies for fluid, structure, and fluid-structure applications},
    author={Farhat, Charbel and Cortial, Julien and Dastillung, Cl{\'e}ment and Bavestrello, Henri},
    journal={International Journal for Numerical Methods in Engineering},
    volume={58},
    number={9},
    pages={1397--1434},
    year={2006}
}

@misc{lorenz_walker,
    title={Modified Lorenz system for an active particle guided by its memory},
    author={Authors},
    year={2025},
    note={Preprint}
}